@misc{github,
  howpublished = {\url{https://github.com}}
}
@misc{codecov,
  howpublished = {\url{https://codecov.io}}
}
@misc{travisci,
  howpublished = {\url{https://travis-ci.com}}
}
@misc{conda,
  howpublished = {\url{https://conda.io/docs/}}
}
